<?xml version="1.0" encoding="UTF-8"?><collection xmlns="http://www.loc.gov/MARC21/slim"><record><leader>00387nam--2200133-i-4500</leader><controlfield tag="001">000025954</controlfield><controlfield tag="002">20161230</controlfield><controlfield tag="005">20161230201036</controlfield><controlfield tag="008">060222s1000------------r-----000-0-eng-d</controlfield><datafield ind1=" " ind2=" " tag="080"><subfield code="a">62-52</subfield></datafield><datafield ind1=" " ind2=" " tag="100"><subfield code="a">Jones, E.B</subfield></datafield><datafield ind1=" " ind2=" " tag="245"><subfield code="a">Instrument technology. measurement of pressure, level, flow and temperature</subfield></datafield><datafield ind1=" " ind2=" " tag="260"><subfield code="a">London, Butterworths Scientific Publ., 1953-1957. Xii+315p</subfield></datafield><datafield ind1=" " ind2=" " tag="852"><subfield code="a">10414</subfield></datafield></record></collection>